<record xmlns="http://www.loc.gov/MARC21/slim" xmlns:xsi="http://www.w3.org/2001/XMLSchema-instance" xsi:schemaLocation="http://www.loc.gov/MARC21/slim http://www.loc.gov/standards/marcxml/schema/MARC21slim.xsd"><leader>02028nam a2200385   4500</leader><controlfield tag="001">003072569</controlfield><controlfield tag="003">NNU</controlfield><controlfield tag="006">m        d        </controlfield><controlfield tag="007">cr cn |||m|||a</controlfield><controlfield tag="008">150223s1969    iq      ob    001 0 ara d</controlfield><datafield ind1=" " ind2=" " tag="040"><subfield code="a">NNU</subfield><subfield code="b">eng</subfield><subfield code="c">NNU</subfield></datafield><datafield ind1="0" ind2="0" tag="050"><subfield code="a">PJ7741</subfield><subfield code="b">.W3 1969</subfield></datafield><datafield ind1="1" ind2=" " tag="100"><subfield code="6">880-01</subfield><subfield code="a">Warra&#772;q, Mah&#803;mu&#772;d ibn al-H&#803;asan,</subfield><subfield code="d">d. ca. 844.</subfield></datafield><datafield ind1="1" ind2="0" tag="240"><subfield code="6">880-02</subfield><subfield code="a">Poems</subfield></datafield><datafield ind1="1" ind2="0" tag="245"><subfield code="6">880-03</subfield><subfield code="a">Di&#772;wa&#772;n Mah&#803;mu&#772;d ibn H&#803;asan al-Warra&#772;q</subfield><subfield code="h">[electronic resource] /</subfield><subfield code="c">jam&#699; wa-tah&#803;qi&#772;q &#699;Adna&#772;n Ra&#772;ghib al-&#699;Ubaydi&#772;.</subfield></datafield><datafield ind1="1" ind2="4" tag="246"><subfield code="a">Diwan Mahmood bin Hassan el-Warrak</subfield></datafield><datafield ind1=" " ind2=" " tag="260"><subfield code="6">880-04</subfield><subfield code="a">Baghda&#772;d :</subfield><subfield code="b">[s.n.],</subfield><subfield code="c">1969</subfield><subfield code="e">([Baghdad] :</subfield><subfield code="f">Mat&#803;ba&#699;at Da&#772;r al-Bas&#803;ri&#772;)</subfield></datafield><datafield ind1=" " ind2=" " tag="300"><subfield code="a">online resource (194 p.)</subfield></datafield><datafield ind1=" " ind2=" " tag="500"><subfield code="6">880-05</subfield><subfield code="a">"Sa&#772;&#699;adat Wiza&#772;rat al-Tarbiyah wa-al-Ta&#699;li&#772;m &#699;ala&#769; nashrih."</subfield></datafield><datafield ind1=" " ind2=" " tag="500"><subfield code="a">Part of the Arabic Collections Online (ACO) project, contributed by New York Univeristy Libraries.</subfield></datafield><datafield ind1=" " ind2=" " tag="504"><subfield code="a">Includes bibliographical references (p. 159-177) and indexes.</subfield></datafield><datafield ind1=" " ind2=" " tag="533"><subfield code="a">Electronic reproduction.</subfield><subfield code="b">New York, N.Y. :</subfield><subfield code="c">New York University,</subfield><subfield code="d">2015.</subfield><subfield code="5">NNU</subfield></datafield><datafield ind1="1" ind2=" " tag="700"><subfield code="6">880-06</subfield><subfield code="a">&#699;Ubayd&#299;, &#699;Adn&#257;n R&#257;ghib</subfield></datafield><datafield ind1="2" ind2=" " tag="710"><subfield code="a">New York University.</subfield><subfield code="b">Libraries.</subfield></datafield><datafield ind1="0" ind2=" " tag="730"><subfield code="a">Arabic Collections Online.</subfield></datafield><datafield ind1="0" ind2="8" tag="776"><subfield code="i">Print version:</subfield><subfield code="a">Warra&#772;q, Mah&#803;mu&#772;d ibn al-H&#803;asan, d. ca. 844.</subfield><subfield code="t">Di&#772;wa&#772;n Mah&#803;mu&#772;d ibn H&#803;asan al-Warra&#772;q</subfield><subfield code="w">(NNU)003072569</subfield><subfield code="w">(DLC)   73239763</subfield></datafield><datafield ind1="4" ind2="0" tag="856"><subfield code="u">http://hdl.handle.net/2333.1/05qftwnd</subfield></datafield><datafield ind1="1" ind2=" " tag="880"><subfield code="6">100-01/</subfield><subfield code="a">&#1608;&#1585;&#1575;&#1602;&#1548; &#1605;&#1581;&#1605;&#1608;&#1583; &#1576;&#1606; &#1575;&#1604;&#1581;&#1587;&#1606;.</subfield></datafield><datafield ind1="1" ind2="0" tag="880"><subfield code="6">240-02/</subfield><subfield code="a">&#1583;&#1610;&#1608;&#1575;&#1606;</subfield></datafield><datafield ind1="1" ind2="0" tag="880"><subfield code="6">245-03/</subfield><subfield code="a">&#1583;&#1610;&#1608;&#1575;&#1606; &#1605;&#1581;&#1605;&#1608;&#1583; &#1576;&#1606; &#1581;&#1587;&#1606; &#1575;&#1604;&#1608;&#1585;&#1575;&#1602; /</subfield><subfield code="c">&#1580;&#1605;&#1593; &#1608;&#1578;&#1581;&#1602;&#1610;&#1602; &#1593;&#1583;&#1606;&#1575;&#1606; &#1585;&#1575;&#1594;&#1576; &#1575;&#1604;&#1593;&#1576;&#1610;&#1583;&#1610;.</subfield></datafield><datafield ind1=" " ind2=" " tag="880"><subfield code="6">260-04/</subfield><subfield code="a">&#1576;&#1594;&#1583;&#1575;&#1583; :</subfield><subfield code="b">[&#1583;.&#1606;.]&#1548;</subfield><subfield code="c">1969</subfield><subfield code="e">([&#1576;&#1594;&#1583;&#1575;&#1583;] :</subfield><subfield code="f">&#1605;&#1591;&#1576;&#1593;&#1577; &#1583;&#1575;&#1585; &#1575;&#1604;&#1576;&#1589;&#1585;&#1610;)</subfield></datafield><datafield ind1=" " ind2=" " tag="880"><subfield code="6">500-05/</subfield><subfield code="a">"&#1587;&#1575;&#1593;&#1583;&#1578; &#1608;&#1586;&#1575;&#1585;&#1577; &#1575;&#1604;&#1578;&#1585;&#1576;&#1610;&#1577; &#1608;&#1575;&#1604;&#1578;&#1593;&#1604;&#1610;&#1605; &#1593;&#1604;&#1609; &#1606;&#1588;&#1585;&#1607;."</subfield></datafield><datafield ind1="1" ind2=" " tag="880"><subfield code="6">700-06/</subfield><subfield code="a">&#1593;&#1576;&#1610;&#1583;&#1610;&#1548; &#1593;&#1583;&#1606;&#1575;&#1606; &#1585;&#1575;&#1594;&#1576;.</subfield></datafield><datafield ind1=" " ind2=" " tag="959"><subfield code="a">NNU</subfield><subfield code="b">WEB</subfield><subfield code="c">GENI</subfield><subfield code="t">0</subfield><subfield code="m">Electronic access</subfield><subfield code="s">01</subfield></datafield><datafield ind1=" " ind2=" " tag="999"><subfield code="i">NNU_003072569</subfield><subfield code="s">nyu_aco000105</subfield><subfield code="e">(ERROR-880)</subfield></datafield></record>